@book{adams1995hitchhiker,
  title={The Hitchhiker's Guide to the Galaxy},
  author={Adams, D.},
  isbn={9781417642595},
  url={http://books.google.com/books?id=W-xMPgAACAAJ},
  year={1995},
  publisher={San Val}
}

@book{ads:slides,
    title={Slides from Advanced Data Structures course},
    author={Conrado Mart√≠nez},
    year={2016},
    publisher={FIB}
}

@misc{github:cristobal,
  author = {C. Gomez and C. Ortega},
  title = {Skip List class in C++},
  year = {2016},
  publisher = {GitHub},
  journal = {GitHub repository},
  howpublished = {\url{https://github.com/frankicia/skip_list/}},
}