@book{adams1995hitchhiker,
  title={The Hitchhiker's Guide to the Galaxy},
  author={Adams, D.},
  isbn={9781417642595},
  url={http://books.google.com/books?id=W-xMPgAACAAJ},
  year={1995},
  publisher={San Val}
}

@book{ads:slides_amalia,
    title={Slides from Advanced Data Structures course},
    author={Amalia Duch},
    year={2016},
    publisher={FIB}
}

@book{fractional_cascading1,
    title={Slides from Geometric Algorithms course},
    author={Marc van Kreveld},
    year={2016},
    publisher={Utrecht University}
}

@book{fractional_cascading2,
    title={Slides from CMSC 420: Data Structures course},
    author={Carl Kingsford},
    year={2016},
    publisher={University of Maryland}
}

@inproceedings{GNAT,
 author = {Brin, Sergey},
 title = {Near Neighbor Search in Large Metric Spaces},
 booktitle = {Proceedings of the 21th International Conference on Very Large Data Bases},
 series = {VLDB '95},
 year = {1995},
 isbn = {1-55860-379-4},
 pages = {574--584},
 numpages = {11},
 url = {http://dl.acm.org/citation.cfm?id=645921.673006},
 acmid = {673006},
 publisher = {Morgan Kaufmann Publishers Inc.},
 address = {San Francisco, CA, USA},
} 

@article{dynamism,
 author = {Ch\'{a}vez, Edgar and Navarro, Gonzalo and Baeza-Yates, Ricardo and Marroqu\'{\i}n, Jos{\'e} Luis},
 title = {Searching in Metric Spaces},
 journal = {ACM Comput. Surv.},
 issue_date = {September 2001},
 volume = {33},
 number = {3},
 month = sep,
 year = {2001},
 issn = {0360-0300},
 pages = {273--321},
 numpages = {49},
 url = {http://doi.acm.org/10.1145/502807.502808},
 doi = {10.1145/502807.502808},
 acmid = {502808},
 publisher = {ACM},
 address = {New York, NY, USA},
 keywords = {Curse of dimensionality, nearest neighbors, similarity searching, vector spaces},
} 